
  
  
  
  
  
  
  
  
  
  
  
 
  
  <record xsi:schemaLocation="http://www.loc.gov/MARC21/slim http://www.loc.gov/standards/marcxml/schema/MARC21slim.xsd">
      <leader>00000cam a2200445 i 4500</leader>
      <controlfield tag="FMT">BK</controlfield>
      <controlfield tag="LDR">00000cam a2200445 i 4500</controlfield>
      <controlfield tag="001">005921668</controlfield>
      <controlfield tag="003">OCoLC</controlfield>
      <controlfield tag="005">20180629092341.0</controlfield>
      <controlfield tag="008">180509s2017    tu abf   b    001 0 eng d</controlfield>
      <datafield tag="010" ind1=" " ind2=" ">
         <subfield code="a">2017303953</subfield>
      </datafield>
      <datafield tag="020" ind1=" " ind2=" ">
         <subfield code="a">9786059680240</subfield>
      </datafield>
      <datafield tag="020" ind1=" " ind2=" ">
         <subfield code="a">6059680240</subfield>
      </datafield>
      <datafield tag="035" ind1="7" ind2=" ">
         <subfield code="a">isis2017/5-218</subfield>
      </datafield>
      <datafield tag="035" ind1=" " ind2=" ">
         <subfield code="a">(OCoLC)996425979</subfield>
         <subfield code="z">(OCoLC)990443209</subfield>
      </datafield>
      <datafield tag="040" ind1=" " ind2=" ">
         <subfield code="a">MZA</subfield>
         <subfield code="b">eng</subfield>
         <subfield code="e">rda</subfield>
         <subfield code="c">DLC</subfield>
         <subfield code="d">ERASA</subfield>
         <subfield code="d">STF</subfield>
         <subfield code="d">ZYU</subfield>
         <subfield code="d">MZA</subfield>
         <subfield code="d">YDX</subfield>
         <subfield code="d">CUY</subfield>
      </datafield>
      <datafield tag="041" ind1="0" ind2=" ">
         <subfield code="a">eng</subfield>
         <subfield code="b">tur</subfield>
      </datafield>
      <datafield tag="042" ind1=" " ind2=" ">
         <subfield code="a">lccopycat</subfield>
      </datafield>
      <datafield tag="043" ind1=" " ind2=" ">
         <subfield code="a">a-tu---</subfield>
      </datafield>
      <datafield tag="050" ind1="0" ind2="0">
         <subfield code="a">DS156.P35</subfield>
         <subfield code="b">D87 2017</subfield>
      </datafield>
      <datafield tag="082" ind1="0" ind2="4">
         <subfield code="a">932-933</subfield>
      </datafield>
      <datafield tag="100" ind1="1" ind2=" ">
         <subfield code="a">Dündar, Erkan,</subfield>
         <subfield code="e">author.</subfield>
      </datafield>
      <datafield tag="245" ind1="1" ind2="0">
         <subfield code="a">Transport jars and stamped amphoras from Patara, 7th to 1st centuries BC :</subfield>
         <subfield code="b">the maritime trade of a harbor city in Lycia /</subfield>
         <subfield code="c">Erkan Dündar ; with contribution by Ali Akın Akyol and Yusuf Kağan Kadioğlu.</subfield>
      </datafield>
      <datafield tag="264" ind1=" " ind2="1">
         <subfield code="a">İstanbul :</subfield>
         <subfield code="b">Ege Yayınları,</subfield>
         <subfield code="c">[2017]</subfield>
      </datafield>
      <datafield tag="300" ind1=" " ind2=" ">
         <subfield code="a">xxxvii, 489 pages, 27 pages of plates :</subfield>
         <subfield code="b">illustrations (some color), maps ;</subfield>
         <subfield code="c">31 cm.</subfield>
      </datafield>
      <datafield tag="336" ind1=" " ind2=" ">
         <subfield code="a">text</subfield>
         <subfield code="b">txt</subfield>
         <subfield code="2">rdamedia</subfield>
      </datafield>
      <datafield tag="337" ind1=" " ind2=" ">
         <subfield code="a">unmediated</subfield>
         <subfield code="b">n</subfield>
         <subfield code="2">rdamedia</subfield>
      </datafield>
      <datafield tag="338" ind1=" " ind2=" ">
         <subfield code="a">volume</subfield>
         <subfield code="b">nc</subfield>
         <subfield code="2">rdacarrier</subfield>
      </datafield>
      <datafield tag="490" ind1="1" ind2=" ">
         <subfield code="a">Patara Kazıları Yayın Serisi =</subfield>
         <subfield code="a">Patara Excavations Publication Series ;</subfield>
         <subfield code="v">Band IV.3.</subfield>
      </datafield>
      <datafield tag="504" ind1=" " ind2=" ">
         <subfield code="a">Includes bibliographical references (pages xv-xxxvii) and indexes.</subfield>
      </datafield>
      <datafield tag="546" ind1=" " ind2=" ">
         <subfield code="a">English with Turkish summary.</subfield>
      </datafield>
      <datafield tag="505" ind1="0" ind2=" ">
         <subfield code="a">I. General overview of the political and commercial development of the city: 1. Political Outline. 2. Commercial Development -- II. The role of amphoras in ancient -- III. Commercial amphoras recovered at Patara: 1. Chian Amphoras. 2. Clazomenian Amphoras. 3. Lesbian Amphoras. 4. Samian Amphoras. 5. Ionia.[beta] (Zeest-Samos) Amphoras. 6. Corinthian/Corcyrean Amphoras. 7. Thasian Amphoras. 8. Mendean Amphoras. 9. Coan Amphoras. 10. Lycian Amphoras. 11. Knidian Amphoras. 12. Rhodian Amphoras. 13. Amphoras Produced in the Rhodian Peraia: 13.1. Hieroteles Group. 13.2. Band-Rimmed Amphoras. 14. South Aegean Mushroom-Rimmed Amphoras. 15. Nikandros Group. 16. Cypriot Amphoras. 17. Unidentified Amphoras -- IV. General conclusions regarding the commercial amphora assemblages -- V. Stamped amphora handles at Patara and their significance: 1. Rhodes. 2. Rhodian Peraia. 3. Knidos. 4. Cyprus. 5. Thasos. 6. Cos. 7. Chios. 8. Nikandros. 9. Parmeniksos. 10. Unclassified stamps -- VI. Assement of stamped amphora handles -- VII. Chronological summary for the amphora remains at Patara: 1. 7th-6th centuries BC. 2. 5th-4th centuries BC. 3. 3rd-1st centuries BC. 4. Lycia's place in ancient Mediterranean sea trade as sean through amphoras -- VIII. Archaeometric analysis of the amphoras: 1. Archaeometric analyses. 2. Evaluation of the chemical analysis results of the amphora and soil samples through cluster analysis. 3. General archaeological evaluations and comparisons in amphora samples -- IX. Özet: 1. Yöntem. 2. Patara amphora buluntulari için kronolojik bir özet. 3. Amphora verileri ısığında likyaʼnın antik akdeniz deniz ticaretindeki yeri.</subfield>
      </datafield>
      <datafield tag="650" ind1=" " ind2="0">
         <subfield code="a">Excavations (Archaeology)</subfield>
         <subfield code="z">Turkey</subfield>
         <subfield code="z">Patara (Extinct city)</subfield>
      </datafield>
      <datafield tag="650" ind1=" " ind2="0">
         <subfield code="a">Amphoras</subfield>
         <subfield code="z">Turkey</subfield>
         <subfield code="z">Patara (Extinct city)</subfield>
      </datafield>
      <datafield tag="651" ind1=" " ind2="0">
         <subfield code="a">Patara (Extinct city)</subfield>
      </datafield>
      <datafield tag="651" ind1=" " ind2="7">
         <subfield code="a">Patara/Arsinoe.</subfield>
         <subfield code="2">pleiades</subfield>
         <subfield code="0">https://pleiades.stoa.org/places/639042</subfield>
      </datafield>
      <datafield tag="830" ind1=" " ind2="0">
         <subfield code="a">Patara (Series) ;</subfield>
         <subfield code="v">4.3.</subfield>
      </datafield>
      <datafield tag="OWN" ind1=" " ind2=" ">
         <subfield code="a">GENERAL</subfield>
      </datafield>
      <datafield tag="AVA" ind1=" " ind2=" ">
         <subfield code="a">NYU50</subfield>
         <subfield code="b">BOBST</subfield>
         <subfield code="c">Main Collection</subfield>
         <subfield code="d">DS156.P35 D87 2017 Oversize</subfield>
         <subfield code="e">unavailable</subfield>
         <subfield code="t">Unavailable</subfield>
         <subfield code="f">1</subfield>
         <subfield code="g">1</subfield>
         <subfield code="h">N</subfield>
         <subfield code="i">0</subfield>
         <subfield code="j">MAIN</subfield>
         <subfield code="k">0</subfield>
      </datafield>
      <datafield tag="AVA" ind1=" " ind2=" ">
         <subfield code="a">NYU50</subfield>
         <subfield code="b">NISAW</subfield>
         <subfield code="c">Oversize Collection</subfield>
         <subfield code="d">DS156.P35 P35 v.4:pt.3 2017 Non-circulating</subfield>
         <subfield code="e">available</subfield>
         <subfield code="t">Available</subfield>
         <subfield code="f">1</subfield>
         <subfield code="g">0</subfield>
         <subfield code="h">N</subfield>
         <subfield code="i">0</subfield>
         <subfield code="j">OVERZ</subfield>
         <subfield code="k">0</subfield>
      </datafield>
      <marc:datafield tag="852" ind1=" " ind2=" ">
         <marc:subfield code="b">Institute for the Study of the Ancient World, </marc:subfield>
         <marc:subfield code="c">Oversize Collection</marc:subfield>
         <marc:subfield code="e">15 East 84th St., </marc:subfield>
         <marc:subfield code="e">New York, NY  10028</marc:subfield>
      </marc:datafield>
   </record>