
  
  
  
  
  
  
  
  
  
  
  
  
  
  
 
  
  <record xsi:schemaLocation="http://www.loc.gov/MARC21/slim http://www.loc.gov/standards/marcxml/schema/MARC21slim.xsd">
      <leader>00000cam a2200625 i 4500</leader>
      <controlfield tag="FMT">BK</controlfield>
      <controlfield tag="LDR">00000cam a2200625 i 4500</controlfield>
      <controlfield tag="001">005929446</controlfield>
      <controlfield tag="003">OCoLC</controlfield>
      <controlfield tag="005">20180530091548.0</controlfield>
      <controlfield tag="008">170602s2017    be ab         100 0 eng d</controlfield>
      <datafield tag="010" ind1=" " ind2=" ">
         <subfield code="a">2017437224</subfield>
      </datafield>
      <datafield tag="020" ind1=" " ind2=" ">
         <subfield code="a">9782503548975</subfield>
      </datafield>
      <datafield tag="020" ind1=" " ind2=" ">
         <subfield code="a">2503548970</subfield>
         <subfield code="q">(pbk.)</subfield>
      </datafield>
      <datafield tag="024" ind1="3" ind2=" ">
         <subfield code="a">9782503548975</subfield>
      </datafield>
      <datafield tag="035" ind1=" " ind2=" ">
         <subfield code="a">(OCoLC)989906542</subfield>
      </datafield>
      <datafield tag="035" ind1="7" ind2=" ">
         <subfield code="a">ybp11665028</subfield>
      </datafield>
      <datafield tag="040" ind1=" " ind2=" ">
         <subfield code="a">OHX</subfield>
         <subfield code="b">eng</subfield>
         <subfield code="e">rda</subfield>
         <subfield code="c">DLC</subfield>
         <subfield code="d">ISB</subfield>
         <subfield code="d">OCLCF</subfield>
         <subfield code="d">YDX</subfield>
         <subfield code="d">OHX</subfield>
         <subfield code="d">NNU</subfield>
      </datafield>
      <datafield tag="042" ind1=" " ind2=" ">
         <subfield code="a">lccopycat</subfield>
      </datafield>
      <datafield tag="043" ind1=" " ind2=" ">
         <subfield code="a">e-urk--</subfield>
         <subfield code="a">aw-----</subfield>
         <subfield code="a">a-tu---</subfield>
         <subfield code="a">n-us-ga</subfield>
         <subfield code="a">a-ai---</subfield>
         <subfield code="a">a-ir---</subfield>
         <subfield code="a">a-aj---</subfield>
         <subfield code="a">e-ur---</subfield>
      </datafield>
      <datafield tag="050" ind1="0" ind2="0">
         <subfield code="a">DS11</subfield>
         <subfield code="b">.N67 2017</subfield>
      </datafield>
      <datafield tag="072" ind1=" " ind2="7">
         <subfield code="a">GN</subfield>
         <subfield code="2">lcco</subfield>
      </datafield>
      <datafield tag="072" ind1=" " ind2="7">
         <subfield code="a">DS</subfield>
         <subfield code="2">lcco</subfield>
      </datafield>
      <datafield tag="079" ind1=" " ind2=" ">
         <subfield code="a">(OCoLC)989906542</subfield>
      </datafield>
      <datafield tag="082" ind1="0" ind2="4">
         <subfield code="a">950.1</subfield>
         <subfield code="2">23</subfield>
      </datafield>
      <datafield tag="090" ind1=" " ind2=" ">
         <subfield code="a">DS155</subfield>
         <subfield code="b">.N67 2017</subfield>
      </datafield>
      <datafield tag="245" ind1="0" ind2="0">
         <subfield code="a">At the northern frontier of Near Eastern archaeology</subfield>
         <subfield code="b">recent research on Caucasia and Anatolia in the Bronze Age : (proceedings of the international Humboldt-Kolleg Venice, January 9th - January 12th, 2013) = An der Nordgrenze der vorderasiatischen Archäologie : neue Forschung über Kaukasus und Anatolien in der Bronzezeit /</subfield>
         <subfield code="c">Elena Rova &amp; Monica Tonussi (editors).</subfield>
      </datafield>
      <datafield tag="246" ind1="3" ind2="1">
         <subfield code="a">Der Nordgrenze der vorderasiatischen Archäologie :</subfield>
         <subfield code="b">neue Forschung über Kaukasus und Anatolien in der Bronzezeit.</subfield>
      </datafield>
      <datafield tag="260" ind1=" " ind2=" ">
         <subfield code="a">Turnhout :</subfield>
         <subfield code="b">Brepols,</subfield>
         <subfield code="c">2017.</subfield>
      </datafield>
      <datafield tag="300" ind1=" " ind2=" ">
         <subfield code="a">vii, 587 pages :</subfield>
         <subfield code="b">many illustrations, maps ;</subfield>
         <subfield code="c">30 cm.</subfield>
      </datafield>
      <datafield tag="336" ind1=" " ind2=" ">
         <subfield code="a">text</subfield>
         <subfield code="b">txt</subfield>
         <subfield code="2">rdacontent</subfield>
      </datafield>
      <datafield tag="337" ind1=" " ind2=" ">
         <subfield code="a">unmediated</subfield>
         <subfield code="b">n</subfield>
         <subfield code="2">rdamedia</subfield>
      </datafield>
      <datafield tag="338" ind1=" " ind2=" ">
         <subfield code="a">volume</subfield>
         <subfield code="b">nc</subfield>
         <subfield code="2">rdacarrier</subfield>
      </datafield>
      <datafield tag="490" ind1="1" ind2=" ">
         <subfield code="a">Subartu ;</subfield>
         <subfield code="v">XXXVIII</subfield>
      </datafield>
      <datafield tag="490" ind1="1" ind2=" ">
         <subfield code="a">Publications of the Georgian-Italian Shida Kartli archaeological project ;</subfield>
         <subfield code="v">2</subfield>
      </datafield>
      <datafield tag="500" ind1=" " ind2=" ">
         <subfield code="a">International conference proceedings.</subfield>
      </datafield>
      <datafield tag="500" ind1=" " ind2=" ">
         <subfield code="a">30 English, 4 German contributions.</subfield>
      </datafield>
      <datafield tag="504" ind1=" " ind2=" ">
         <subfield code="a">Includes bibliographical references.</subfield>
      </datafield>
      <datafield tag="505" ind1="0" ind2="0">
         <subfield code="g">Section 1.</subfield>
         <subfield code="t">The Late Chalcolithic and the Early Bronze Age.</subfield>
         <subfield code="t">The Great Kurgan from Nalčik : A Preliminary Report /</subfield>
         <subfield code="r">Andrej Belinskij, Svend Hansen, &amp; Sabine Reinhold --</subfield>
         <subfield code="t">Military and Elite Symbolism in the Funeral Practices of the Maikop-Novosvobodnaia Community /</subfield>
         <subfield code="r">Sergey N. Korenevskiy --</subfield>
         <subfield code="t">The Influence of the Near East in the Formation of the Early Bronze Age in the Northern Caucasus /</subfield>
         <subfield code="r">Alexey Rezepkin --</subfield>
         <subfield code="t">Networks of Craft Production and Material Distribution in the Late Chalcolithic : Metallurgical Evidence from Iran and the Southern Caucasus /</subfield>
         <subfield code="r">Barbara Helwing --</subfield>
         <subfield code="t">Large Blade Technologies in the Southern Caucasus and in Northern Mesopotamia in the 6th-4th millennia BC /</subfield>
         <subfield code="r">Judith Thomalsky --</subfield>
         <subfield code="t">An Attempt at Dating the Starting Point of the Kura-Araxes Culture on the Background of the 'Uruk Cultural Phenomenon' /</subfield>
         <subfield code="r">Georgi Leon Kavtaradze --</subfield>
         <subfield code="t">Push or Pull Factors? The Kura-Araxes 'Expansion' from a Different Perspective : the Upper Euphrates Valley /</subfield>
         <subfield code="r">Giulio Palumbi --</subfield>
         <subfield code="t">Salt in the Economic System of Early Transcaucasian Culture New Perspectives in the Interpretation of the Migration Theory in the Southern Levant /</subfield>
         <subfield code="r">Monica Tonussi --</subfield>
         <subfield code="t">Khashuri Natsargora : New research on the Kura-Araxes and Bedeni Cultures in Central Georgia /</subfield>
         <subfield code="r">Elena Rova, Zurab Makharadze, &amp; Marina Puturidze --</subfield>
         <subfield code="t">The Martqopi and Bedeni Components of the Early Kurgan Complex in Shida Kartli (Georgia) : A Reappraisal of the Available Data /</subfield>
         <subfield code="r">Eleonora Carminati --</subfield>
         <subfield code="t">Burial Mounds of the Martqopi and Bedeni Cultures in Eastern Georgia /</subfield>
         <subfield code="r">Winfried Orthmann.</subfield>
      </datafield>
      <datafield tag="505" ind1="8" ind2="0">
         <subfield code="g">Section II.</subfield>
         <subfield code="t">The Middle and Late Bronze Age.</subfield>
         <subfield code="t">Early to Middle Bronze Age Transition in the Urmia Basin /</subfield>
         <subfield code="r">Stephan Kroll --</subfield>
         <subfield code="t">On the Origins and Development of Gold Working in the Middle Bronze Age Trialeti Culture /</subfield>
         <subfield code="r">Marina Puturidze --</subfield>
         <subfield code="t">Die Mittelbronzezeit am oberen Euphrat : Siedlungscharakter und kulturelle Identität /</subfield>
         <subfield code="r">Gian-Maria Di Nocera --</subfield>
         <subfield code="t">Panaztepe in der Spätbronzezeit : Eine Studie über die materielle Kultur im mittleren West-Anatolien /</subfield>
         <subfield code="r">Armağan Erkanal-Öktü --</subfield>
         <subfield code="t">Uşaklɩ Höyük and the Bronze Age of Central Anatolia /</subfield>
         <subfield code="r">Stefania Mazzoni --</subfield>
         <subfield code="t">The Eastern Frontier of the Hittite Empire /</subfield>
         <subfield code="r">Elena Devecchi --</subfield>
         <subfield code="t">The Late Bronze Age-Early Iron Age-Urartu Complex at Bozkurt on the Southern Slope of Mt. Ağri /</subfield>
         <subfield code="r">Aynur Özfirat --</subfield>
         <subfield code="t">Late Bronze/Early Iron Age Pottery from Natsargora, Khashuri Region (Georgia) : A Preliminary Overview /</subfield>
         <subfield code="r">Martina Babetto &amp; Katia Gavagnin --</subfield>
         <subfield code="t">Die Keramik von Udabno I als Anhaltspunkt für die Datierung der figürlich verzierten Bronzegürtel in Ostgeorgien /</subfield>
         <subfield code="r">Sabina Brodbeck-Jucker --</subfield>
         <subfield code="t">Late Bronze Age Architecture in Caucasia and Beyond : Building a New Lifestyle for a New Epoch /</subfield>
         <subfield code="r">Sabine Reinhold.</subfield>
      </datafield>
      <datafield tag="505" ind1="8" ind2="0">
         <subfield code="g">Section III.</subfield>
         <subfield code="t">Iron Age developments.</subfield>
         <subfield code="t">Transition from Sedentary Farming to Nomadic and Transhumant Pastoralism in the Iron Age : A View from the Upper Tigris Region /</subfield>
         <subfield code="r">Ayşe Tuba Ökse --</subfield>
         <subfield code="t">The Talesh Region in the Iron Age and its Relations with Transcaucasia /</subfield>
         <subfield code="r">Manuel Castelluccia --</subfield>
         <subfield code="t">South Caucasian Bronze Belts in Context /</subfield>
         <subfield code="r">Arianna Zischow --</subfield>
         <subfield code="t">Aufstieg und Fall des Reiches Urartu /</subfield>
         <subfield code="r">Mirjo Salvini --</subfield>
         <subfield code="t">Greek Colonisation in the Black Sea : Reflections on Recent Research and Methodological Trends /</subfield>
         <subfield code="r">Claudia Antonetti --</subfield>
         <subfield code="t">The Caucasus in the Geographic and Cosmological Conceptions of the Greeks in the Archaic Period /</subfield>
         <subfield code="r">Attilio Mastrocinque --</subfield>
         <subfield code="t">Kingship between East and West in Mithridates Eupator /</subfield>
         <subfield code="r">Silvia Palazzo.</subfield>
         <subfield code="g">Section IV.</subfield>
         <subfield code="t">Metallurgy and Circulation of Metal Ore and Metal Objects.</subfield>
         <subfield code="t">Caucasus as a Bridge and a Barrier between South and North : The Early Metal Age /</subfield>
         <subfield code="r">Evgenii N. Chernykh --</subfield>
         <subfield code="t">Southern Caucasia in the Near Eastern Bronze Age Economic System /</subfield>
         <subfield code="r">Mikheil Abramishvili --</subfield>
         <subfield code="t">Society and Metal in Bronze Age Armenia /</subfield>
         <subfield code="r">Arsen Bobokhyan, René Kunze, Khachatur Meliksetian, &amp; Ernst Pernicka --</subfield>
         <subfield code="t">Metallurgical Developments in Azerbaijan from the Neolithic to the Early Bronze Age : Recent Archaeometallurgical Research in the Middle Kura River Valley /</subfield>
         <subfield code="r">Antoine Courcier, Maise Ragimova, Netjaf Museibli, &amp; Bakhtiyar Jalilov --</subfield>
         <subfield code="t">Technical and Typological Improvements and Innovations in Bronze Weapons in the Southern Caucasus : (From the 3rd to the First Half of the 2nd Millennium BC) /</subfield>
         <subfield code="r">Zviad Sherazadishvili --</subfield>
         <subfield code="t">The Development of Mining, Metallurgy and the Production of Cold Steel Arms in Georgia : A Geological and Archaeological Review /</subfield>
         <subfield code="r">David Kuparadze, Dimitri Pataridze, Elena Rova, Mamuka Kapianidze, Gotcha Lagidze &amp; Zaqro Nonikashvili.</subfield>
      </datafield>
      <datafield tag="651" ind1=" " ind2="0">
         <subfield code="a">Caucasus</subfield>
         <subfield code="x">Antiquities.</subfield>
      </datafield>
      <datafield tag="651" ind1=" " ind2="0">
         <subfield code="a">Middle East</subfield>
         <subfield code="x">Antiquities.</subfield>
      </datafield>
      <datafield tag="651" ind1=" " ind2="0">
         <subfield code="a">Turkey</subfield>
         <subfield code="x">Antiquities.</subfield>
      </datafield>
      <datafield tag="651" ind1=" " ind2="0">
         <subfield code="a">Georgia</subfield>
         <subfield code="x">Antiquities.</subfield>
      </datafield>
      <datafield tag="651" ind1=" " ind2="0">
         <subfield code="a">Armenia</subfield>
         <subfield code="x">Antiquities.</subfield>
      </datafield>
      <datafield tag="651" ind1=" " ind2="0">
         <subfield code="a">Azerbaijan</subfield>
         <subfield code="x">Antiquities.</subfield>
      </datafield>
      <datafield tag="651" ind1=" " ind2="0">
         <subfield code="a">Russia</subfield>
         <subfield code="x">Antiquities.</subfield>
      </datafield>
      <datafield tag="651" ind1=" " ind2="7">
         <subfield code="a">Asia Minor.</subfield>
         <subfield code="2">pleiades</subfield>
         <subfield code="0">https://pleiades.stoa.org/places/837</subfield>
      </datafield>
      <datafield tag="651" ind1=" " ind2="7">
         <subfield code="a">Caucasus (mountain range)</subfield>
         <subfield code="2">pleiades</subfield>
         <subfield code="0">https://pleiades.stoa.org/places/863766</subfield>
      </datafield>
      <datafield tag="650" ind1=" " ind2="7">
         <subfield code="a">Antiquities.</subfield>
         <subfield code="2">fast</subfield>
         <subfield code="0">(OCoLC)fst00810745</subfield>
      </datafield>
      <datafield tag="651" ind1=" " ind2="7">
         <subfield code="a">Asia</subfield>
         <subfield code="z">Armenia.</subfield>
         <subfield code="2">fast</subfield>
         <subfield code="0">(OCoLC)fst01206470</subfield>
      </datafield>
      <datafield tag="651" ind1=" " ind2="7">
         <subfield code="a">Azerbaijan.</subfield>
         <subfield code="2">fast</subfield>
         <subfield code="0">(OCoLC)fst01260665</subfield>
      </datafield>
      <datafield tag="651" ind1=" " ind2="7">
         <subfield code="a">Caucasus.</subfield>
         <subfield code="2">fast</subfield>
         <subfield code="0">(OCoLC)fst01244425</subfield>
      </datafield>
      <datafield tag="651" ind1=" " ind2="7">
         <subfield code="a">Georgia.</subfield>
         <subfield code="2">fast</subfield>
         <subfield code="0">(OCoLC)fst01204622</subfield>
      </datafield>
      <datafield tag="651" ind1=" " ind2="7">
         <subfield code="a">Middle East.</subfield>
         <subfield code="2">fast</subfield>
         <subfield code="0">(OCoLC)fst01241586</subfield>
      </datafield>
      <datafield tag="651" ind1=" " ind2="7">
         <subfield code="a">Russia.</subfield>
         <subfield code="2">fast</subfield>
         <subfield code="0">(OCoLC)fst01207312</subfield>
      </datafield>
      <datafield tag="651" ind1=" " ind2="7">
         <subfield code="a">Turkey.</subfield>
         <subfield code="2">fast</subfield>
         <subfield code="0">(OCoLC)fst01208963</subfield>
      </datafield>
      <datafield tag="700" ind1="1" ind2=" ">
         <subfield code="a">Rova, Elena,</subfield>
         <subfield code="e">editor of compilation.</subfield>
      </datafield>
      <datafield tag="700" ind1="1" ind2=" ">
         <subfield code="a">Tonussi, Monica,</subfield>
         <subfield code="e">editor of compilation.</subfield>
      </datafield>
      <datafield tag="830" ind1=" " ind2="0">
         <subfield code="a">Subartu ;</subfield>
         <subfield code="v">XXXVIII.</subfield>
      </datafield>
      <datafield tag="OWN" ind1=" " ind2=" ">
         <subfield code="a">GENERAL</subfield>
      </datafield>
      <datafield tag="AVA" ind1=" " ind2=" ">
         <subfield code="a">NYU50</subfield>
         <subfield code="b">BOBST</subfield>
         <subfield code="c">Main Collection</subfield>
         <subfield code="d">DS11 .N67 2017</subfield>
         <subfield code="e">available</subfield>
         <subfield code="t">Available</subfield>
         <subfield code="f">1</subfield>
         <subfield code="g">0</subfield>
         <subfield code="h">N</subfield>
         <subfield code="i">0</subfield>
         <subfield code="j">MAIN</subfield>
         <subfield code="k">0</subfield>
      </datafield>
      <datafield tag="AVA" ind1=" " ind2=" ">
         <subfield code="a">NYU50</subfield>
         <subfield code="b">NISAW</subfield>
         <subfield code="c">Large Collection</subfield>
         <subfield code="d">DS155 .N67 2017 Non-circulating</subfield>
         <subfield code="e">available</subfield>
         <subfield code="t">Available</subfield>
         <subfield code="f">1</subfield>
         <subfield code="g">0</subfield>
         <subfield code="h">N</subfield>
         <subfield code="i">0</subfield>
         <subfield code="j">LARGE</subfield>
         <subfield code="k">0</subfield>
      </datafield>
      <marc:datafield tag="852" ind1=" " ind2=" ">
         <marc:subfield code="b">Institute for the Study of the Ancient World, </marc:subfield>
         <marc:subfield code="c">Large Collection</marc:subfield>
         <marc:subfield code="e">15 East 84th St., </marc:subfield>
         <marc:subfield code="e">New York, NY  10028</marc:subfield>
      </marc:datafield>
   </record>