
  
  
  
  
  
  
  
  
  
  
  
  
  
  
 
  
  <record xsi:schemaLocation="http://www.loc.gov/MARC21/slim http://www.loc.gov/standards/marcxml/schema/MARC21slim.xsd">
      <leader>00000cam a22     Ii 4500</leader>
      <controlfield tag="FMT">BK</controlfield>
      <controlfield tag="LDR">00000cam a22     Ii 4500</controlfield>
      <controlfield tag="001">006058860</controlfield>
      <controlfield tag="005">20180530095349.0</controlfield>
      <controlfield tag="008">180418s2018    gw a     b    101 0 ger d</controlfield>
      <datafield tag="020" ind1=" " ind2=" ">
         <subfield code="a">9783963270048</subfield>
      </datafield>
      <datafield tag="020" ind1=" " ind2=" ">
         <subfield code="a">3963270047</subfield>
      </datafield>
      <datafield tag="035" ind1=" " ind2=" ">
         <subfield code="a">(OCoLC)1029655975</subfield>
         <subfield code="z">(OCoLC)1029476470</subfield>
         <subfield code="z">(OCoLC)1029569676</subfield>
         <subfield code="z">(OCoLC)1029645234</subfield>
      </datafield>
      <datafield tag="040" ind1=" " ind2=" ">
         <subfield code="a">ERASP</subfield>
         <subfield code="b">eng</subfield>
         <subfield code="e">rda</subfield>
         <subfield code="c">ERASP</subfield>
         <subfield code="d">YDX</subfield>
         <subfield code="d">OCLCO</subfield>
         <subfield code="d">OHX</subfield>
         <subfield code="d">ZYU</subfield>
      </datafield>
      <datafield tag="041" ind1="0" ind2=" ">
         <subfield code="a">ger</subfield>
         <subfield code="a">eng</subfield>
      </datafield>
      <datafield tag="050" ind1=" " ind2="4">
         <subfield code="a">P115</subfield>
         <subfield code="b">.M44 2018</subfield>
      </datafield>
      <datafield tag="082" ind1="0" ind2="4">
         <subfield code="a">410</subfield>
      </datafield>
      <datafield tag="245" ind1="0" ind2="0">
         <subfield code="a">Mehrsprachigkeit :</subfield>
         <subfield code="b">vom Alten Orient bis zum Esperanto /</subfield>
         <subfield code="c">herausgegeben von Sebastian Fink, Martin Lang und Manfred Schretter.</subfield>
      </datafield>
      <datafield tag="264" ind1=" " ind2="1">
         <subfield code="a">Münster :</subfield>
         <subfield code="b">Zaphon,</subfield>
         <subfield code="c">2018.</subfield>
      </datafield>
      <datafield tag="300" ind1=" " ind2=" ">
         <subfield code="a">241 pages</subfield>
         <subfield code="b">illustrations ;</subfield>
         <subfield code="c">25 cm</subfield>
      </datafield>
      <datafield tag="336" ind1=" " ind2=" ">
         <subfield code="a">text</subfield>
         <subfield code="b">txt</subfield>
         <subfield code="2">rdacontent</subfield>
      </datafield>
      <datafield tag="337" ind1=" " ind2=" ">
         <subfield code="a">unmediated</subfield>
         <subfield code="b">n</subfield>
         <subfield code="2">rdamedia</subfield>
      </datafield>
      <datafield tag="338" ind1=" " ind2=" ">
         <subfield code="a">volume</subfield>
         <subfield code="b">nc</subfield>
         <subfield code="2">rdacarrier</subfield>
      </datafield>
      <datafield tag="490" ind1="1" ind2=" ">
         <subfield code="a">dubsar</subfield>
         <subfield code="v">2</subfield>
      </datafield>
      <datafield tag="546" ind1=" " ind2=" ">
         <subfield code="a">Articles in German and English.</subfield>
      </datafield>
      <datafield tag="504" ind1=" " ind2=" ">
         <subfield code="a">Includes bibliographical references and index.</subfield>
      </datafield>
      <datafield tag="505" ind1="0" ind2="0">
         <subfield code="t">Einleitung: Sprachsituation und Sprachpolitik /</subfield>
         <subfield code="r">Sebastian Fink, Martin Lang.</subfield>
         <subfield code="t">Methodische Überlegungen und Fallstudien.</subfield>
         <subfield code="t">Historical multilingualism as a linguistic challenge /</subfield>
         <subfield code="r">Philip Herdina --</subfield>
         <subfield code="t">Latein und die europäischen Volkssprachen in der frühen Neuzeit /</subfield>
         <subfield code="r">Martin Korenjak --</subfield>
         <subfield code="t">Interlinguistik und Esperantologie : Zwei neue sprachwissenschaftliche Disziplinen /</subfield>
         <subfield code="r">Reinhard Heupenthal --</subfield>
         <subfield code="t">Orality Overwritten : Power Relations in Textualization /</subfield>
         <subfield code="r">Sonja John.</subfield>
         <subfield code="t">Rom.</subfield>
         <subfield code="t">Military Presences in Bilingual Inscriptions from Moesia Inferior /</subfield>
         <subfield code="r">Lucreţiu Mihailescu-Bîrliba, Roxana-Gabriela Curcă.</subfield>
         <subfield code="t">Der Alte Orient.</subfield>
         <subfield code="t">Scriptura Franca? Zur Rolle einer ideographisch basierten Schrift in einer mehrsprachigen Gesellschaft /</subfield>
         <subfield code="r">Gebhard J. Selz --</subfield>
         <subfield code="t">Die Sprachsituation in Adab während der altakkadischen Periode /</subfield>
         <subfield code="r">Marcos Such-Gutiérrez --</subfield>
         <subfield code="t">Mehrsprachigkeit und Mehrschriftlichkeit in Ugarit /</subfield>
         <subfield code="r">Pavel Čech --</subfield>
         <subfield code="t">Zum Umgang babylonischer Gelehrter mit dem Emesal-Dialekt /</subfield>
         <subfield code="r">Manfred Schretter --</subfield>
         <subfield code="t">Die sumerischen exegetischen Epitheta des Marduk /</subfield>
         <subfield code="r">Daisuke Shibata --</subfield>
         <subfield code="t">Zur Sprachsituation im Babylonien des ersten Jahrtausends v.Chr. : Ein Beitrag zur Sprachgeschichte des jüngeren Akkadischen /</subfield>
         <subfield code="r">Johannes Hackl.</subfield>
      </datafield>
      <datafield tag="520" ind1="8" ind2=" ">
         <subfield code="a">Die Zwei- und Mehrsprachigkeit sind seit einigen Jahren beliebte Themen in fast allen Philologien. In der Altorientalistik sind seit den 1960er Jahren immer wieder Arbeiten zur Zweisprachigkeit erschienen, die auch transdisziplinär angelegt waren, und die in den letzten Jahren auch von den Methoden anderer Disziplinen profitieren konnten. Die Sumerisch-Akkadische Zweisprachigkeit war für über 2.000 Jahre prägend für die Schreiber von Keilschrifttexten und so bietet sich hier ein reiches Forschungsfeld. So lassen sich in den überlieferten Texten neben Hinweisen auf die Muttersprache der Verfasser von Texten etwa auch Informationen über das Sprach- und Wissenschaftsverständnis, über den Wandel religiöser Vorstellungen und über den Umgang mit lexikalischen Listen finden. Die Vielsprachigkeit Ugarits spiegelt die internationale Verflochtenheit des ostmediterranen Handelszentrums. Diese Tagung wurde interdisziplinär angelegt, mit dem Ziel die Forschungstrends und Methoden anderer Gebiete innerhalb der Altorientalistik bekannt zu machen und so hoffentlich neue Ideen und Impulse für die Forschung zu liefern.</subfield>
      </datafield>
      <datafield tag="650" ind1=" " ind2="0">
         <subfield code="a">Multilingualism</subfield>
         <subfield code="v">Congresses.</subfield>
      </datafield>
      <datafield tag="650" ind1=" " ind2="0">
         <subfield code="a">Assyriology</subfield>
         <subfield code="v">Congresses.</subfield>
      </datafield>
      <datafield tag="700" ind1="1" ind2=" ">
         <subfield code="a">Fink, Sebastian,</subfield>
         <subfield code="d">1982-</subfield>
         <subfield code="e">editor.</subfield>
      </datafield>
      <datafield tag="700" ind1="1" ind2=" ">
         <subfield code="a">Lang, Martin,</subfield>
         <subfield code="e">editor.</subfield>
      </datafield>
      <datafield tag="700" ind1="1" ind2=" ">
         <subfield code="a">Schretter, Manfred K.</subfield>
         <subfield code="q">(Manfred Karl),</subfield>
         <subfield code="e">editor.</subfield>
      </datafield>
      <datafield tag="830" ind1=" " ind2="0">
         <subfield code="a">Dubsar ;</subfield>
         <subfield code="v">Bd. 2.</subfield>
      </datafield>
      <datafield tag="OWN" ind1=" " ind2=" ">
         <subfield code="a">GENERAL</subfield>
      </datafield>
      <datafield tag="AVA" ind1=" " ind2=" ">
         <subfield code="a">NYU50</subfield>
         <subfield code="b">NISAW</subfield>
         <subfield code="c">Small Collection</subfield>
         <subfield code="d">P115 .M44 2018 Non-circulating</subfield>
         <subfield code="e">available</subfield>
         <subfield code="t">Available</subfield>
         <subfield code="f">1</subfield>
         <subfield code="g">0</subfield>
         <subfield code="h">N</subfield>
         <subfield code="i">0</subfield>
         <subfield code="j">SMALL</subfield>
         <subfield code="k">0</subfield>
      </datafield>
      <marc:datafield tag="852" ind1=" " ind2=" ">
         <marc:subfield code="b">Institute for the Study of the Ancient World, </marc:subfield>
         <marc:subfield code="c">Small Collection</marc:subfield>
         <marc:subfield code="e">15 East 84th St., </marc:subfield>
         <marc:subfield code="e">New York, NY  10028</marc:subfield>
      </marc:datafield>
   </record>