
  
  
  
  
  
  
  
  
  
  
  
  
  
 
  
  <record xsi:schemaLocation="http://www.loc.gov/MARC21/slim http://www.loc.gov/standards/marcxml/schema/MARC21slim.xsd">
      <leader>00000cam a22      a 4500</leader>
      <controlfield tag="FMT">BK</controlfield>
      <controlfield tag="LDR">00000cam a22      a 4500</controlfield>
      <controlfield tag="001">006059275</controlfield>
      <controlfield tag="005">20180420150649.0</controlfield>
      <controlfield tag="008">180420s2011    cc af    b    000 0 chi d</controlfield>
      <datafield tag="010" ind1=" " ind2=" ">
         <subfield code="a">  2012390024</subfield>
      </datafield>
      <datafield tag="020" ind1=" " ind2=" ">
         <subfield code="a">9787534836541</subfield>
      </datafield>
      <datafield tag="020" ind1=" " ind2=" ">
         <subfield code="a">7534836549</subfield>
      </datafield>
      <datafield tag="035" ind1=" " ind2=" ">
         <subfield code="a">(OCoLC)759381317</subfield>
      </datafield>
      <datafield tag="040" ind1=" " ind2=" ">
         <subfield code="a">BCBTC</subfield>
         <subfield code="b">eng</subfield>
         <subfield code="c">DLC</subfield>
         <subfield code="d">BCBTC</subfield>
         <subfield code="d">CUY</subfield>
         <subfield code="d">LGG</subfield>
         <subfield code="d">SINLB</subfield>
         <subfield code="d">OCLCF</subfield>
         <subfield code="d">CCHGZ</subfield>
         <subfield code="d">OCLCO</subfield>
         <subfield code="d">OCL</subfield>
         <subfield code="d">OCLCQ</subfield>
         <subfield code="d">NNU</subfield>
      </datafield>
      <datafield tag="042" ind1=" " ind2=" ">
         <subfield code="a">lccopycat</subfield>
      </datafield>
      <datafield tag="043" ind1=" " ind2=" ">
         <subfield code="a">a-cc---</subfield>
      </datafield>
      <datafield tag="050" ind1="0" ind2="0">
         <subfield code="a">BF1778</subfield>
         <subfield code="b">.W36 2011</subfield>
      </datafield>
      <datafield tag="082" ind1="0" ind2="4">
         <subfield code="a">393.10951</subfield>
         <subfield code="2">23</subfield>
      </datafield>
      <datafield tag="084" ind1=" " ind2=" ">
         <subfield code="a">K878.84</subfield>
         <subfield code="2">clc</subfield>
      </datafield>
      <datafield tag="100" ind1="1" ind2=" ">
         <subfield code="6">880-01</subfield>
         <subfield code="a">Wang, Aiwen</subfield>
         <subfield code="c">(Museum director),</subfield>
         <subfield code="e">author.</subfield>
      </datafield>
      <datafield tag="245" ind1="1" ind2="0">
         <subfield code="6">880-02</subfield>
         <subfield code="a">Ming tu an hun :</subfield>
         <subfield code="b">Zhongguo gu dai mu zang ji xiang wen hua yan jiu /</subfield>
         <subfield code="c">Wang Aiwen, Li Shengjun zhu.</subfield>
      </datafield>
      <datafield tag="246" ind1="3" ind2="0">
         <subfield code="6">880-03</subfield>
         <subfield code="a">Zhongguo gu dai mu zang ji xiang wen hua yan jiu</subfield>
      </datafield>
      <datafield tag="250" ind1=" " ind2=" ">
         <subfield code="6">880-04</subfield>
         <subfield code="a">Di 1 ban.</subfield>
      </datafield>
      <datafield tag="260" ind1=" " ind2=" ">
         <subfield code="6">880-05</subfield>
         <subfield code="a">Zhengzhou :</subfield>
         <subfield code="b">Zhongzhou gu ji chu ban she,</subfield>
         <subfield code="c">2011.</subfield>
      </datafield>
      <datafield tag="300" ind1=" " ind2=" ">
         <subfield code="a">3, 2, 299 pages, [4] pages of plates :</subfield>
         <subfield code="b">illustrations (some color) ;</subfield>
         <subfield code="c">24 cm</subfield>
      </datafield>
      <datafield tag="336" ind1=" " ind2=" ">
         <subfield code="a">text</subfield>
         <subfield code="b">txt</subfield>
         <subfield code="2">rdacontent</subfield>
      </datafield>
      <datafield tag="337" ind1=" " ind2=" ">
         <subfield code="a">unmediated</subfield>
         <subfield code="b">n</subfield>
         <subfield code="2">rdamedia</subfield>
      </datafield>
      <datafield tag="338" ind1=" " ind2=" ">
         <subfield code="a">volume</subfield>
         <subfield code="b">nc</subfield>
         <subfield code="2">rdacarrier</subfield>
      </datafield>
      <datafield tag="504" ind1=" " ind2=" ">
         <subfield code="a">Includes bibliographical references (page 298).</subfield>
      </datafield>
      <datafield tag="650" ind1=" " ind2="0">
         <subfield code="a">Fortune</subfield>
         <subfield code="z">China</subfield>
         <subfield code="x">History.</subfield>
      </datafield>
      <datafield tag="650" ind1=" " ind2="0">
         <subfield code="a">Tombs</subfield>
         <subfield code="z">China.</subfield>
      </datafield>
      <datafield tag="650" ind1=" " ind2="0">
         <subfield code="a">Burial</subfield>
         <subfield code="z">China</subfield>
         <subfield code="x">History.</subfield>
      </datafield>
      <datafield tag="650" ind1=" " ind2="0">
         <subfield code="a">Excavations (Archaeology)</subfield>
         <subfield code="z">China.</subfield>
      </datafield>
      <datafield tag="651" ind1=" " ind2="0">
         <subfield code="a">China</subfield>
         <subfield code="x">Antiquities.</subfield>
      </datafield>
      <datafield tag="650" ind1=" " ind2="7">
         <subfield code="a">Fortune.</subfield>
         <subfield code="2">fast</subfield>
         <subfield code="0">(OCoLC)fst00933058</subfield>
      </datafield>
      <datafield tag="650" ind1=" " ind2="7">
         <subfield code="a">Antiquities.</subfield>
         <subfield code="2">fast</subfield>
         <subfield code="0">(OCoLC)fst00810745</subfield>
      </datafield>
      <datafield tag="650" ind1=" " ind2="7">
         <subfield code="a">Burial.</subfield>
         <subfield code="2">fast</subfield>
         <subfield code="0">(OCoLC)fst00841751</subfield>
      </datafield>
      <datafield tag="650" ind1=" " ind2="7">
         <subfield code="a">Excavations (Archaeology)</subfield>
         <subfield code="2">fast</subfield>
         <subfield code="0">(OCoLC)fst00917564</subfield>
      </datafield>
      <datafield tag="650" ind1=" " ind2="7">
         <subfield code="a">Tombs.</subfield>
         <subfield code="2">fast</subfield>
         <subfield code="0">(OCoLC)fst01152439</subfield>
      </datafield>
      <datafield tag="651" ind1=" " ind2="7">
         <subfield code="a">China.</subfield>
         <subfield code="2">fast</subfield>
         <subfield code="0">(OCoLC)fst01206073</subfield>
      </datafield>
      <datafield tag="655" ind1=" " ind2="7">
         <subfield code="a">History.</subfield>
         <subfield code="2">fast</subfield>
         <subfield code="0">(OCoLC)fst01411628</subfield>
      </datafield>
      <datafield tag="700" ind1="1" ind2=" ">
         <subfield code="6">880-06</subfield>
         <subfield code="a">Li, Shengjun</subfield>
         <subfield code="c">(Museum official),</subfield>
         <subfield code="e">author.</subfield>
      </datafield>
      <datafield tag="880" ind1="1" ind2=" ">
         <subfield code="6">100-01/</subfield>
         <subfield code="a">王爱文</subfield>
         <subfield code="c">(Museum director),</subfield>
         <subfield code="e">author.</subfield>
      </datafield>
      <datafield tag="880" ind1="1" ind2="0">
         <subfield code="6">245-02/</subfield>
         <subfield code="a">冥土安魂 :</subfield>
         <subfield code="b">中国古代墓葬吉祥文化研究 /</subfield>
         <subfield code="c">王爱文, 李胜军著.</subfield>
      </datafield>
      <datafield tag="880" ind1="3" ind2="0">
         <subfield code="6">246-03/</subfield>
         <subfield code="a">中国古代墓葬吉祥文化研究</subfield>
      </datafield>
      <datafield tag="880" ind1=" " ind2=" ">
         <subfield code="6">250-04/</subfield>
         <subfield code="a">第1版.</subfield>
      </datafield>
      <datafield tag="880" ind1=" " ind2=" ">
         <subfield code="6">260-05/</subfield>
         <subfield code="a">郑州 :</subfield>
         <subfield code="b">中州古籍出版社,</subfield>
         <subfield code="c">2011.</subfield>
      </datafield>
      <datafield tag="880" ind1="1" ind2=" ">
         <subfield code="6">700-06/</subfield>
         <subfield code="a">李胜军</subfield>
         <subfield code="c">(Museum official),</subfield>
         <subfield code="e">author.</subfield>
      </datafield>
      <datafield tag="OWN" ind1=" " ind2=" ">
         <subfield code="a">GENERAL</subfield>
      </datafield>
      <datafield tag="AVA" ind1=" " ind2=" ">
         <subfield code="a">NYU50</subfield>
         <subfield code="b">NISAW</subfield>
         <subfield code="c">Small Collection</subfield>
         <subfield code="d">BF1778 .W36 2011 Non-circulating</subfield>
         <subfield code="e">available</subfield>
         <subfield code="t">Available</subfield>
         <subfield code="f">1</subfield>
         <subfield code="g">0</subfield>
         <subfield code="h">N</subfield>
         <subfield code="i">0</subfield>
         <subfield code="j">SMALL</subfield>
         <subfield code="k">0</subfield>
      </datafield>
      <marc:datafield tag="852" ind1=" " ind2=" ">
         <marc:subfield code="b">Institute for the Study of the Ancient World, </marc:subfield>
         <marc:subfield code="c">Small Collection</marc:subfield>
         <marc:subfield code="e">15 East 84th St., </marc:subfield>
         <marc:subfield code="e">New York, NY  10028</marc:subfield>
      </marc:datafield>
   </record>