
  
  
  
  
  
  
  
  
  
  
  
  
  
  
  
 
  
  <record xsi:schemaLocation="http://www.loc.gov/MARC21/slim http://www.loc.gov/standards/marcxml/schema/MARC21slim.xsd">
      <leader>00000cam a2200313 a 4500</leader>
      <controlfield tag="FMT">BK</controlfield>
      <controlfield tag="LDR">00000cam a2200313 a 4500</controlfield>
      <controlfield tag="001">000532311</controlfield>
      <controlfield tag="003">NNU</controlfield>
      <controlfield tag="005">20180423102458.0</controlfield>
      <controlfield tag="008">070724m20069999is abe   b    000 0 eng d</controlfield>
      <datafield tag="020" ind1=" " ind2=" ">
         <subfield code="a">965406197X (v. 1)</subfield>
      </datafield>
      <datafield tag="020" ind1=" " ind2=" ">
         <subfield code="a">9789654061971 (v. 1)</subfield>
      </datafield>
      <datafield tag="020" ind1=" " ind2=" ">
         <subfield code="a">9789654064507 (v. 2)</subfield>
      </datafield>
      <datafield tag="035" ind1="9" ind2=" ">
         <subfield code="a">NYUb13522676</subfield>
      </datafield>
      <datafield tag="035" ind1=" " ind2=" ">
         <subfield code="a">(NYU)NYUb13522676</subfield>
      </datafield>
      <datafield tag="035" ind1=" " ind2=" ">
         <subfield code="a">(OCoLC)156923609</subfield>
      </datafield>
      <datafield tag="035" ind1=" " ind2=" ">
         <subfield code="a">(OCoLC)35647262</subfield>
         <subfield code="z">(OCoLC)156923609</subfield>
      </datafield>
      <datafield tag="040" ind1=" " ind2=" ">
         <subfield code="a">IUL</subfield>
         <subfield code="c">IUL</subfield>
         <subfield code="d">NNU</subfield>
      </datafield>
      <datafield tag="043" ind1=" " ind2=" ">
         <subfield code="a">a-is---</subfield>
      </datafield>
      <datafield tag="050" ind1=" " ind2="4">
         <subfield code="a">DS110.B395</subfield>
         <subfield code="b">B48 2006</subfield>
      </datafield>
      <datafield tag="079" ind1=" " ind2=" ">
         <subfield code="a">(OCoLC)156923609</subfield>
      </datafield>
      <datafield tag="245" ind1="0" ind2="0">
         <subfield code="a">Bet Yeraḥ :</subfield>
         <subfield code="b">the early Bronze Age mound /</subfield>
         <subfield code="c">Raphael Greenberg, Emanuel Eisenberg, Sarit Paz, Yitzhak Paz.</subfield>
      </datafield>
      <datafield tag="260" ind1=" " ind2=" ">
         <subfield code="a">Jerusalem :</subfield>
         <subfield code="b">Israel Antiquities Authority,</subfield>
         <subfield code="c">2006-</subfield>
      </datafield>
      <datafield tag="300" ind1=" " ind2=" ">
         <subfield code="a">v. :</subfield>
         <subfield code="b">ill. ;</subfield>
         <subfield code="c">27 cm.</subfield>
      </datafield>
      <datafield tag="490" ind1="1" ind2=" ">
         <subfield code="a">IAA reports ;</subfield>
         <subfield code="v">no. 30, 54</subfield>
      </datafield>
      <datafield tag="500" ind1=" " ind2=" ">
         <subfield code="a">Vol. 2 published 2014.</subfield>
      </datafield>
      <datafield tag="504" ind1=" " ind2=" ">
         <subfield code="a">Includes bibliographical references.</subfield>
      </datafield>
      <datafield tag="505" ind1="1" ind2="0">
         <subfield code="g">Vol. 1.</subfield>
         <subfield code="t">Excavation reports, 1933-1986 /</subfield>
         <subfield code="r">Raphael Greenberg, Emanuel Eisenberg, Sarit Paz, Yitzhak Paz.</subfield>
         <subfield code="g">Chapter 1.</subfield>
         <subfield code="t">History of investigations and excavations at Tel Bet Yeraḥ /</subfield>
         <subfield code="r">Raphael Greenberg and Sarit Paz --</subfield>
         <subfield code="t">Tel Bet Yeraḥ : a bibliography.</subfield>
         <subfield code="g">[Part 1.]</subfield>
         <subfield code="t">JPES excavations, 1944-1946.</subfield>
         <subfield code="g">Chapter 2.</subfield>
         <subfield code="t">Area MS: the Mazar-Stekelis excavations, 1944-1945 /</subfield>
         <subfield code="r">Sarit Paz --</subfield>
         <subfield code="g">Chapter 3.</subfield>
         <subfield code="t">Area SA : the Stekelis-Avi-Yonah excavations (circles building), 1945-1946 /</subfield>
         <subfield code="r">Sarit Paz.</subfield>
         <subfield code="g">[Part 2.]</subfield>
         <subfield code="t">Bar-Adon excavations.</subfield>
         <subfield code="g">Chapter 4.</subfield>
         <subfield code="t">Area GB: the Guy-Bar-Adon soundings in the northern part of the mound, 1949-1955 /</subfield>
         <subfield code="r">Yitzhak Paz --</subfield>
         <subfield code="g">Chapter 5.</subfield>
         <subfield code="t">Area BS: the Bar-Adon excavations, southeast, 1951-1953 /</subfield>
         <subfield code="r">Raphael Greenberg and Emanuel Eisenberg --</subfield>
         <subfield code="g">Chapter 6.</subfield>
         <subfield code="t">Area BF : the Bar-Adon excavations of the fortifications, 1952-1955 /</subfield>
         <subfield code="r">Yitzhak Paz and Raphael Greenberg.</subfield>
         <subfield code="g">[Part 3.]</subfield>
         <subfield code="t">Idam excavations, 1967-1986.</subfield>
         <subfield code="g">Chapter 7.</subfield>
         <subfield code="t">Area UN : the Ussishkin-Netzer excavations, 1967 /</subfield>
         <subfield code="r">Yitzhak Paz --</subfield>
         <subfield code="g">Chapter 8.</subfield>
         <subfield code="t">Area EY : the Eisenberg-Yogev excavations, 1981-1982, 1985-1986 /</subfield>
         <subfield code="r">Emanuel Eisenberg and Raphael Greenberg.</subfield>
         <subfield code="g">[Part 4.]</subfield>
         <subfield code="t">Minor excavations.</subfield>
         <subfield code="g">Chapter 9.</subfield>
         <subfield code="t">Minor excavations, 1933-1977 : areas MK, RV, and BH /</subfield>
         <subfield code="r">Sarit Paz and Yitzhak Paz.</subfield>
      </datafield>
      <datafield tag="505" ind1="8" ind2="0">
         <subfield code="g">Vol 2.</subfield>
         <subfield code="t">Urban structure and material culture, 1933-1986 excavations /</subfield>
         <subfield code="r">Raphael Greenberg.</subfield>
         <subfield code="g">Chapter 1.</subfield>
         <subfield code="t">Formation of the mound of Bet Yeraḥ /</subfield>
         <subfield code="r">Raphael Greenberg --</subfield>
         <subfield code="g">Chapter 2.</subfield>
         <subfield code="t">Early Bronze Age architecture, function, and planning /</subfield>
         <subfield code="r">Raphael Greenberg and Sarit Paz --</subfield>
         <subfield code="g">Chapter 3.</subfield>
         <subfield code="t">Early Bronze Age pottery industries /</subfield>
         <subfield code="r">Raphael Greenberg and Mark Iserlis --</subfield>
         <subfield code="g">Chapter 4.</subfield>
         <subfield code="t">Flint assemblage /</subfield>
         <subfield code="r">Ron Shimelmitz and Steven A. Rosen --</subfield>
         <subfield code="g">Chapter 5.</subfield>
         <subfield code="t">Stone assemblage /</subfield>
         <subfield code="r">Danny Rosenberg and Raphael Greenberg --</subfield>
         <subfield code="g">Chapter 6.</subfield>
         <subfield code="t">Small finds /</subfield>
         <subfield code="r">Sarit Paz --</subfield>
         <subfield code="g">Chapter 7.</subfield>
         <subfield code="t">Early Bronze Age at Tel Bet Yeraḥ : a summary /</subfield>
         <subfield code="r">Raphael Greenberg --</subfield>
         <subfield code="g">Appendix I.</subfield>
         <subfield code="t">Note on archaeobotanical remains /</subfield>
         <subfield code="r">Nili Liphschitz --</subfield>
         <subfield code="g">Appendix II.</subfield>
         <subfield code="t">Notes on the archaeomalacological material /</subfield>
         <subfield code="r">Henk K. Mienis</subfield>
      </datafield>
      <datafield tag="500" ind1=" " ind2=" ">
         <subfield code="a">ISAW copy is from the library of Hayim and Miriam Tadmor.</subfield>
         <subfield code="5">NyNyUAW</subfield>
      </datafield>
      <datafield tag="650" ind1=" " ind2="0">
         <subfield code="a">Bet Yeraḥ (Israel)</subfield>
         <subfield code="x">Antiquities.</subfield>
      </datafield>
      <datafield tag="650" ind1=" " ind2="0">
         <subfield code="a">Excavations (Archaeology)</subfield>
         <subfield code="z">Israel</subfield>
         <subfield code="z">Bet Yeraḥ, Tel.</subfield>
      </datafield>
      <datafield tag="650" ind1=" " ind2="0">
         <subfield code="a">Bronze age</subfield>
         <subfield code="z">Israel</subfield>
         <subfield code="z">Bet Yeraḥ, Tel.</subfield>
      </datafield>
      <datafield tag="700" ind1="1" ind2=" ">
         <subfield code="a">Greenberg, Raphael.</subfield>
      </datafield>
      <datafield tag="700" ind1="1" ind2=" ">
         <subfield code="a">Eisenberg, Emanuel.</subfield>
         <subfield code="5">NyNyUAW</subfield>
      </datafield>
      <datafield tag="700" ind1="1" ind2=" ">
         <subfield code="a">Paz, Sarit,</subfield>
         <subfield code="d">1971-.</subfield>
         <subfield code="5">NyNyUAW</subfield>
      </datafield>
      <datafield tag="700" ind1="1" ind2=" ">
         <subfield code="a">Paz, Yitzhak.</subfield>
         <subfield code="5">NyNyUAW</subfield>
      </datafield>
      <datafield tag="700" ind1="1" ind2=" ">
         <subfield code="a">Iserlis, Mark.</subfield>
         <subfield code="5">NyNyUAW</subfield>
      </datafield>
      <datafield tag="700" ind1="1" ind2=" ">
         <subfield code="a">Shimelmitz, Ron.</subfield>
         <subfield code="5">NyNyUAW</subfield>
      </datafield>
      <datafield tag="700" ind1="1" ind2=" ">
         <subfield code="a">Rosen, Steven A.</subfield>
         <subfield code="5">NyNyUAW</subfield>
      </datafield>
      <datafield tag="700" ind1="1" ind2=" ">
         <subfield code="a">Rosenberg, Danny.</subfield>
         <subfield code="5">NyNyUAW</subfield>
      </datafield>
      <datafield tag="700" ind1="1" ind2=" ">
         <subfield code="a">Liphschitz, Nili.</subfield>
         <subfield code="5">NyNyUAW</subfield>
      </datafield>
      <datafield tag="700" ind1="1" ind2=" ">
         <subfield code="a">Mienis, Henk K.,</subfield>
         <subfield code="d">1941-.</subfield>
         <subfield code="5">NyNyUAW</subfield>
      </datafield>
      <datafield tag="700" ind1="1" ind2=" ">
         <subfield code="a">Tal, Oren.</subfield>
         <subfield code="5">NyNyUAW</subfield>
      </datafield>
      <datafield tag="700" ind1="1" ind2=" ">
         <subfield code="a">Da'adli, Tawfiq.</subfield>
         <subfield code="5">NyNyUAW</subfield>
      </datafield>
      <datafield tag="700" ind1="1" ind2=" ">
         <subfield code="a">Alexandre, Y.</subfield>
         <subfield code="q">(Yardenna).</subfield>
         <subfield code="5">NyNyUAW</subfield>
      </datafield>
      <datafield tag="700" ind1="1" ind2=" ">
         <subfield code="a">Bijovsky, Gabriela.</subfield>
         <subfield code="5">NyNyUAW</subfield>
      </datafield>
      <datafield tag="700" ind1="1" ind2=" ">
         <subfield code="a">Fischer, Moshe,</subfield>
         <subfield code="d">1945-.</subfield>
         <subfield code="5">NyNyUAW</subfield>
      </datafield>
      <datafield tag="700" ind1="1" ind2=" ">
         <subfield code="a">Gluhak, Tatjana M.</subfield>
         <subfield code="q">(Tatjana Mirjam),</subfield>
         <subfield code="d">1975-.</subfield>
         <subfield code="5">NyNyUAW</subfield>
      </datafield>
      <datafield tag="700" ind1="1" ind2=" ">
         <subfield code="a">Reshef, Nadin.</subfield>
         <subfield code="5">NyNyUAW</subfield>
      </datafield>
      <datafield tag="700" ind1="1" ind2=" ">
         <subfield code="a">Shapiro, Anastasia.</subfield>
         <subfield code="5">NyNyUAW</subfield>
      </datafield>
      <datafield tag="700" ind1="1" ind2=" ">
         <subfield code="a">Zadok, Ran.</subfield>
         <subfield code="5">NyNyUAW</subfield>
      </datafield>
      <datafield tag="710" ind1="1" ind2=" ">
         <subfield code="a">Israel.</subfield>
         <subfield code="b">Rashut ha-ʻatiḳot.</subfield>
      </datafield>
      <datafield tag="710" ind1="2" ind2=" ">
         <subfield code="a">Shelby White and Leon Levy Program for Archaeological Publications (Firm),</subfield>
         <subfield code="e">sponsor.</subfield>
      </datafield>
      <datafield tag="700" ind1="1" ind2=" ">
         <subfield code="a">Tadmor, Miriam,</subfield>
         <subfield code="e">former owner.</subfield>
         <subfield code="5">NyNyUAW</subfield>
      </datafield>
      <datafield tag="700" ind1="1" ind2=" ">
         <subfield code="a">Tadmor, Hayim,</subfield>
         <subfield code="e">former owner.</subfield>
         <subfield code="5">NyNyUAW</subfield>
      </datafield>
      <datafield tag="740" ind1="0" ind2=" ">
         <subfield code="a">Tadmor Collection.</subfield>
         <subfield code="5">NyNyUAW</subfield>
      </datafield>
      <datafield tag="830" ind1=" " ind2="0">
         <subfield code="a">IAA reports ;</subfield>
         <subfield code="v">no. 30.</subfield>
      </datafield>
      <datafield tag="830" ind1=" " ind2="0">
         <subfield code="a">IAA reports ;</subfield>
         <subfield code="v">no. 54.</subfield>
      </datafield>
      <datafield tag="OWN" ind1=" " ind2=" ">
         <subfield code="a">GENERAL</subfield>
      </datafield>
      <datafield tag="AVA" ind1=" " ind2=" ">
         <subfield code="a">NYU50</subfield>
         <subfield code="b">BOBST</subfield>
         <subfield code="c">Main Collection</subfield>
         <subfield code="d">DS110.B396 B48 2006</subfield>
         <subfield code="e">available</subfield>
         <subfield code="t">Available</subfield>
         <subfield code="f">2</subfield>
         <subfield code="g">0</subfield>
         <subfield code="h">Y</subfield>
         <subfield code="i">0</subfield>
         <subfield code="j">MAIN</subfield>
         <subfield code="k">0</subfield>
      </datafield>
      <datafield tag="AVA" ind1=" " ind2=" ">
         <subfield code="a">NYU50</subfield>
         <subfield code="b">NISAW</subfield>
         <subfield code="c">Large Collection</subfield>
         <subfield code="d">DS110.B395 B48 2006 Non-circulating</subfield>
         <subfield code="e">available</subfield>
         <subfield code="t">Available</subfield>
         <subfield code="f">3</subfield>
         <subfield code="g">0</subfield>
         <subfield code="h">Y</subfield>
         <subfield code="i">0</subfield>
         <subfield code="j">LARGE</subfield>
         <subfield code="k">0</subfield>
      </datafield>
      <marc:datafield tag="852" ind1=" " ind2=" ">
         <marc:subfield code="b">Institute for the Study of the Ancient World, </marc:subfield>
         <marc:subfield code="c">Large Collection</marc:subfield>
         <marc:subfield code="e">15 East 84th St., </marc:subfield>
         <marc:subfield code="e">New York, NY  10028</marc:subfield>
      </marc:datafield>
   </record>