
  
  
  
  
  
  
  
  
  
  
  
  
 
  
  <record xsi:schemaLocation="http://www.loc.gov/MARC21/slim http://www.loc.gov/standards/marcxml/schema/MARC21slim.xsd">
      <leader>00000cam a22     Ii 4500</leader>
      <controlfield tag="FMT">BK</controlfield>
      <controlfield tag="LDR">00000cam a22     Ii 4500</controlfield>
      <controlfield tag="001">006059659</controlfield>
      <controlfield tag="005">20180427155904.0</controlfield>
      <controlfield tag="008">180423t20172017tu abe   b    000 0 tur d</controlfield>
      <datafield tag="020" ind1=" " ind2=" ">
         <subfield code="a">9786059389907</subfield>
      </datafield>
      <datafield tag="020" ind1=" " ind2=" ">
         <subfield code="a">6059389902</subfield>
      </datafield>
      <datafield tag="035" ind1=" " ind2=" ">
         <subfield code="a">(OCoLC)1031908031</subfield>
      </datafield>
      <datafield tag="040" ind1=" " ind2=" ">
         <subfield code="a">HLS</subfield>
         <subfield code="b">eng</subfield>
         <subfield code="e">rda</subfield>
         <subfield code="c">HLS</subfield>
         <subfield code="d">ZYU</subfield>
      </datafield>
      <datafield tag="041" ind1="0" ind2=" ">
         <subfield code="a">tur</subfield>
         <subfield code="a">eng</subfield>
         <subfield code="b">eng</subfield>
      </datafield>
      <datafield tag="043" ind1=" " ind2=" ">
         <subfield code="a">a-tu---</subfield>
      </datafield>
      <datafield tag="050" ind1=" " ind2="4">
         <subfield code="a">DS156.O49</subfield>
         <subfield code="b">O492 2017</subfield>
      </datafield>
      <datafield tag="245" ind1="0" ind2="0">
         <subfield code="a">Olympos.</subfield>
         <subfield code="n">I,</subfield>
         <subfield code="p">2000-2014 araştırma sonuçları :</subfield>
         <subfield code="b">Turkish text with English summaries /</subfield>
         <subfield code="c">editor B. Yelda Olcay Uçkan.</subfield>
      </datafield>
      <datafield tag="250" ind1=" " ind2=" ">
         <subfield code="a">1st edition.</subfield>
      </datafield>
      <datafield tag="264" ind1=" " ind2="1">
         <subfield code="a">Antalya, Türkiye :</subfield>
         <subfield code="a">Akmed, Koç University Suna &amp; Inan Kıraç Research Center for Mediterranean Civilizations,</subfield>
         <subfield code="c">[2017]</subfield>
      </datafield>
      <datafield tag="264" ind1=" " ind2="3">
         <subfield code="a">İstanbul, Türkiye :</subfield>
         <subfield code="b">Oksijen Basım ve Matbaacılık San. Tic. Ltd. Şti.</subfield>
      </datafield>
      <datafield tag="264" ind1=" " ind2="4">
         <subfield code="c">©2017</subfield>
      </datafield>
      <datafield tag="300" ind1=" " ind2=" ">
         <subfield code="a">x, 290 pages :</subfield>
         <subfield code="b">illustrations (some color), maps, plans ;</subfield>
         <subfield code="c">29 cm. +</subfield>
         <subfield code="e">1 folded map in pocket</subfield>
      </datafield>
      <datafield tag="336" ind1=" " ind2=" ">
         <subfield code="a">text</subfield>
         <subfield code="b">txt</subfield>
         <subfield code="2">rdacontent</subfield>
      </datafield>
      <datafield tag="337" ind1=" " ind2=" ">
         <subfield code="a">unmediated</subfield>
         <subfield code="b">n</subfield>
         <subfield code="2">rdamedia</subfield>
      </datafield>
      <datafield tag="338" ind1=" " ind2=" ">
         <subfield code="a">volume</subfield>
         <subfield code="b">nc</subfield>
         <subfield code="2">rdacarrier</subfield>
      </datafield>
      <datafield tag="490" ind1="1" ind2=" ">
         <subfield code="a">Akmed series in Mediterranean studies ;</subfield>
         <subfield code="v">2</subfield>
      </datafield>
      <datafield tag="504" ind1=" " ind2=" ">
         <subfield code="a">Includes bibliographical references (pages 267-290).</subfield>
      </datafield>
      <datafield tag="505" ind1="0" ind2=" ">
         <subfield code="a">Olympos'un Roma ve Bizans Dönemi Kent Dokusu / B. Yelda Olcay Uçkan, Ö. Emre Öncü, Seçkin Evcim -- Olympos Hellenistik ve Roma Dönemi Mimari Araştırmaları: Köprü, Köprü Caddesi ve Kent Surları / Ö. Emre Öncü -- Olympos Kenti Episkopeion Yapı Topluluğu / Gökçen Kurtuluş Öztaşkın -- Olympos Bizans Dönemi Sütun Başlıkları ve Kaideleri / Gökçen Kurtuluş Öztaşkın, Sinan Sertel -- Olympos Bizans Dönemi Delikli Levhaları / Seçkin Evcim, Mehmet Cihangir Uzun -- Olympos'taki Bizans Dönemi'ne Ait Duvar Resimleri / Nilay Çorağan -- Olympos Kazısı Madeni Buluntular / Zeliha Demirel Gökalp, Mehmet Cihangir Uzun, Berna Yıldırım -- Olympos Kazısı Cam Buluntuları / B. Yelda Olcay Uçkan -- Olympos Kazısı Seramik Buluntuları / Muradiye Öztaşkın -- Yazıtların Işığında Olympos (Likya) / Hüseyin Sami Öztürk -- Olympos Koruma Çalışmaları / Erkan Uçkan -- Olympos'un Biyoçeşitliliği Üzerine Bir Araştırma / Fatma Akdeniz, Aziz Aslan, Harun Böcük, Özge Tufan Çetin, Nesil Ertorun, Hacer Sert, Ayşen Özdemir Türk, Güray Uyar -- Kısaltmalar ve Kaynakça -- Olympos Projesi Kaynakçası -- Ek 1: Olympos Kent Planı.</subfield>
      </datafield>
      <datafield tag="520" ind1=" " ind2=" ">
         <subfield code="a">"Bu kitapta, 2000 ve 2014 yılları arasında gerçekleştirilen çalışmalara dair ilk sonuçların bilim dünyasıyla paylaşılması hedeflenmiştir. Bununla birlikte alana yönelik yapılan çalışma programına bağlı olarak elde edilen bulgular hem kültürel hem de tarihsel değer açısından değerlendirilerek her biri farklı bir makale şeklinde sunulmuştur. Buradaki öncelikli amaç, Olympos'u kent bütününde ele alırken gerek mimari gerekse kazı bulgusu olan mimari plastik, resim, yazıt ve küçük buluntuların değerlendirilmesi ve sonuçların paylaşılmasıdır. Başlangıçtan itibaren alana olan bütüncül yaklaşımımız gereği arkeolojik değerlendirmelere, kentin yer aldığı doğal çevrenin tanımlanması da eklenmiştir. Yapılan tüm çalışmaların, Olympos'un günümüzde sahip olduğu unsurlarla nasıl bir birliktelik oluşturması gerektiği konusu da ayrıca aktarılmıştır. Antik kentlerin arkeolojik çalışmaların yanı sıra tarih, kültür ve çevre bütününde değerlendirilmesi gerektiği vurgusunun yapılması özellikle amaçlanmıştır. Olympos Kazısı ile ilgili yapılan yayınlar ise kitabın sonunda ayrı bir kaynakça olarak paylaşılmıştır. Bu kaynakçada Olympos ile ilgili, kazı ekibinin günümüze kadar gerçekleştirdiği kitap, makale, bildiri ve tezler yer almaktadır. "--Prof. Dr. B. Yelda OLCAY UÇKAN</subfield>
         <subfield code="c">http://www.zerobooksonline.com/tr/urun/olympos-i-2000-2014-arastirma-sonuclari_11_41232.html?r=10#sthash.pOl80Uiz.dpbs (viewed April 18, 2018).</subfield>
      </datafield>
      <datafield tag="546" ind1=" " ind2=" ">
         <subfield code="a">Texts in Turkish, with preface, introduction and summaries in English.</subfield>
      </datafield>
      <datafield tag="650" ind1=" " ind2="0">
         <subfield code="a">Excavations (Archaeology)</subfield>
         <subfield code="z">Turkey</subfield>
         <subfield code="z">Olympos (Extinct city)</subfield>
      </datafield>
      <datafield tag="651" ind1=" " ind2="0">
         <subfield code="a">Olympos (Turkey : Extinct city)</subfield>
      </datafield>
      <datafield tag="651" ind1=" " ind2="7">
         <subfield code="a">Olympus/Hadrianopolis.</subfield>
         <subfield code="2">pleiades</subfield>
         <subfield code="0">https://pleiades.stoa.org/places/639017</subfield>
      </datafield>
      <datafield tag="700" ind1="1" ind2=" ">
         <subfield code="a">Olcay Uçkan, B. Yelda,</subfield>
         <subfield code="e">author.</subfield>
      </datafield>
      <datafield tag="710" ind1="2" ind2=" ">
         <subfield code="a">Koç Üniversitesi,</subfield>
         <subfield code="e">issuing body.</subfield>
      </datafield>
      <datafield tag="710" ind1="2" ind2=" ">
         <subfield code="a">Suna &amp; İnan Kıraç Akdeniz Medeniyetleri Araştırma Enstitüsü,</subfield>
         <subfield code="e">issuing body.</subfield>
      </datafield>
      <datafield tag="752" ind1=" " ind2=" ">
         <subfield code="a">Turkey</subfield>
         <subfield code="d">Antalya.</subfield>
      </datafield>
      <datafield tag="752" ind1=" " ind2=" ">
         <subfield code="a">Turkey</subfield>
         <subfield code="d">Istanbul.</subfield>
      </datafield>
      <datafield tag="830" ind1=" " ind2="0">
         <subfield code="a">Akmed series in Mediterranean studies ;</subfield>
         <subfield code="v">2.</subfield>
      </datafield>
      <datafield tag="OWN" ind1=" " ind2=" ">
         <subfield code="a">GENERAL</subfield>
      </datafield>
      <datafield tag="AVA" ind1=" " ind2=" ">
         <subfield code="a">NYU50</subfield>
         <subfield code="b">NISAW</subfield>
         <subfield code="c">Large Collection</subfield>
         <subfield code="d">DS156.O49 O492 2017 Non-circulating</subfield>
         <subfield code="e">available</subfield>
         <subfield code="t">Available</subfield>
         <subfield code="f">1</subfield>
         <subfield code="g">0</subfield>
         <subfield code="h">N</subfield>
         <subfield code="i">0</subfield>
         <subfield code="j">LARGE</subfield>
         <subfield code="k">0</subfield>
      </datafield>
      <marc:datafield tag="852" ind1=" " ind2=" ">
         <marc:subfield code="b">Institute for the Study of the Ancient World, </marc:subfield>
         <marc:subfield code="c">Large Collection</marc:subfield>
         <marc:subfield code="e">15 East 84th St., </marc:subfield>
         <marc:subfield code="e">New York, NY  10028</marc:subfield>
      </marc:datafield>
   </record>