
  
  
  
  
  
  
  
  
  
  
 
  
  <record xsi:schemaLocation="http://www.loc.gov/MARC21/slim http://www.loc.gov/standards/marcxml/schema/MARC21slim.xsd">
      <leader>00000cam a2200649 i 4500</leader>
      <controlfield tag="FMT">BK</controlfield>
      <controlfield tag="LDR">00000cam a2200649 i 4500</controlfield>
      <controlfield tag="001">006004254</controlfield>
      <controlfield tag="003">OCoLC</controlfield>
      <controlfield tag="005">20180227163436.6</controlfield>
      <controlfield tag="008">180104t20182018mau      b    001 0 eng c</controlfield>
      <datafield tag="020" ind1=" " ind2=" ">
         <subfield code="a">9780674997011</subfield>
         <subfield code="q">(volume 1 ;</subfield>
         <subfield code="q">hardcover)</subfield>
      </datafield>
      <datafield tag="020" ind1=" " ind2=" ">
         <subfield code="a">0674997018</subfield>
         <subfield code="q">(volume 1 ;</subfield>
         <subfield code="q">hardcover)</subfield>
      </datafield>
      <datafield tag="020" ind1=" " ind2=" ">
         <subfield code="a">9780674997141</subfield>
         <subfield code="q">(volume 2 ;</subfield>
         <subfield code="q">hardcover)</subfield>
      </datafield>
      <datafield tag="020" ind1=" " ind2=" ">
         <subfield code="a">067499714X</subfield>
         <subfield code="q">(volume 2 ;</subfield>
         <subfield code="q">hardcover)</subfield>
      </datafield>
      <datafield tag="035" ind1=" " ind2=" ">
         <subfield code="a">(OCoLC)1017752228</subfield>
         <subfield code="z">(OCoLC)1018426563</subfield>
      </datafield>
      <datafield tag="040" ind1=" " ind2=" ">
         <subfield code="a">VVC</subfield>
         <subfield code="b">eng</subfield>
         <subfield code="e">rda</subfield>
         <subfield code="c">VVC</subfield>
         <subfield code="d">VVC</subfield>
         <subfield code="d">MYG</subfield>
         <subfield code="d">INT</subfield>
         <subfield code="d">LGG</subfield>
         <subfield code="d">ALM</subfield>
         <subfield code="d">XII</subfield>
         <subfield code="d">YDX</subfield>
         <subfield code="d">ZLM</subfield>
         <subfield code="d">UBY</subfield>
         <subfield code="d">OSU</subfield>
         <subfield code="d">OCLCQ</subfield>
         <subfield code="d">STF</subfield>
         <subfield code="d">OCLCF</subfield>
         <subfield code="d">IPS</subfield>
      </datafield>
      <datafield tag="041" ind1="1" ind2=" ">
         <subfield code="a">eng</subfield>
         <subfield code="a">lat</subfield>
         <subfield code="h">lat</subfield>
      </datafield>
      <datafield tag="042" ind1=" " ind2=" ">
         <subfield code="a">pcc</subfield>
      </datafield>
      <datafield tag="050" ind1=" " ind2="4">
         <subfield code="a">PA6382</subfield>
         <subfield code="b">.A2 2018</subfield>
      </datafield>
      <datafield tag="082" ind1="0" ind2="4">
         <subfield code="a">872/.01</subfield>
         <subfield code="2">23</subfield>
      </datafield>
      <datafield tag="100" ind1="1" ind2=" ">
         <subfield code="a">Ennius, Quintus,</subfield>
         <subfield code="e">author.</subfield>
      </datafield>
      <datafield tag="240" ind1="1" ind2="0">
         <subfield code="a">Works.</subfield>
         <subfield code="l">English</subfield>
      </datafield>
      <datafield tag="245" ind1="1" ind2="0">
         <subfield code="a">Fragmentary Republican Latin /</subfield>
         <subfield code="c">Ennius ; edited and translated by Sander M. Goldberg, Gesine Manuwald.</subfield>
      </datafield>
      <datafield tag="264" ind1=" " ind2="1">
         <subfield code="a">Cambridge, Massachsetts ;</subfield>
         <subfield code="a">London, England :</subfield>
         <subfield code="b">Harvard University Press,</subfield>
         <subfield code="c">2018.</subfield>
      </datafield>
      <datafield tag="264" ind1=" " ind2="4">
         <subfield code="c">©2018</subfield>
      </datafield>
      <datafield tag="300" ind1=" " ind2=" ">
         <subfield code="a">2 volumes ;</subfield>
         <subfield code="c">17 cm.</subfield>
      </datafield>
      <datafield tag="336" ind1=" " ind2=" ">
         <subfield code="a">text</subfield>
         <subfield code="b">txt</subfield>
         <subfield code="2">rdacontent</subfield>
      </datafield>
      <datafield tag="337" ind1=" " ind2=" ">
         <subfield code="a">unmediated</subfield>
         <subfield code="b">n</subfield>
         <subfield code="2">rdamedia</subfield>
      </datafield>
      <datafield tag="338" ind1=" " ind2=" ">
         <subfield code="a">volume</subfield>
         <subfield code="b">nc</subfield>
         <subfield code="2">rdacarrier</subfield>
      </datafield>
      <datafield tag="490" ind1="1" ind2=" ">
         <subfield code="a">Fragmentary republican Latin ;</subfield>
         <subfield code="v">I-II</subfield>
      </datafield>
      <datafield tag="490" ind1="1" ind2=" ">
         <subfield code="a">Loeb classical library ;</subfield>
         <subfield code="v">294, 537</subfield>
      </datafield>
      <datafield tag="546" ind1=" " ind2=" ">
         <subfield code="a">Texts (extant fragments of the works of Quintus Ennius) in Latin, with English translations on facing pages; introduction and notes in English.</subfield>
      </datafield>
      <datafield tag="504" ind1=" " ind2=" ">
         <subfield code="a">Includes bibliographical references (volume 1, pages xxxix-lxxxviii) and index.</subfield>
      </datafield>
      <datafield tag="505" ind1="0" ind2="0">
         <subfield code="g">I.</subfield>
         <subfield code="t">Testimonia ;</subfield>
         <subfield code="t">Epic fragments --</subfield>
         <subfield code="g">II.</subfield>
         <subfield code="t">Dramatic fragments ;</subfield>
         <subfield code="t">Minor works.</subfield>
      </datafield>
      <datafield tag="520" ind1=" " ind2=" ">
         <subfield code="a">"Quintus Ennius (239-169 BC), widely regarded as the father of Roman literature, was instrumental in creating a new Roman literary identity and inspired major developments in Roman religion, social organization, and popular culture. Brought in 204 to Rome in the entourage of Cato, Ennius took up residence on the Aventine and, fluent in his native Oscan as well as Greek and Latin, became one of the first teachers to introduce Greek learning to Romans through public readings of Greek and Latin texts. Best known for domesticating Greek epic and drama, Ennius also pursued a wide range of literary endeavors and found success in almost all of them. His tragedies were long regarded as classics of the genre, and his Annals gave Roman epic its canonical shape and pioneered many of its most characteristic features. Other works included philosophical works in prose and verse, epigrams, didactic poems, dramas on Roman themes (praetextae), and occasional poetry that informed the later development of satire. This two-volume edition of Ennius, which inaugurates the Loeb series Fragmentary Republican Latin, replaces that of Warmington in Remains of Old Latin, Volume I and offers fresh texts, translations, and annotation that are fully current with modern scholarship."--Publisher's description.</subfield>
      </datafield>
      <datafield tag="600" ind1="1" ind2="0">
         <subfield code="a">Ennius, Quintus.</subfield>
      </datafield>
      <datafield tag="600" ind1="1" ind2="7">
         <subfield code="a">Ennius, Quintus.</subfield>
         <subfield code="2">fast</subfield>
         <subfield code="0">(OCoLC)fst00043097</subfield>
      </datafield>
      <datafield tag="655" ind1=" " ind2="4">
         <subfield code="a">Latin poetry.</subfield>
      </datafield>
      <datafield tag="655" ind1=" " ind2="4">
         <subfield code="a">Latin poetry</subfield>
         <subfield code="v">Translations into English.</subfield>
      </datafield>
      <datafield tag="655" ind1=" " ind2="7">
         <subfield code="a">Drama.</subfield>
         <subfield code="2">fast</subfield>
         <subfield code="0">(OCoLC)fst01423879</subfield>
      </datafield>
      <datafield tag="655" ind1=" " ind2="7">
         <subfield code="a">Poetry.</subfield>
         <subfield code="2">fast</subfield>
         <subfield code="0">(OCoLC)fst01423828</subfield>
      </datafield>
      <datafield tag="655" ind1=" " ind2="7">
         <subfield code="a">Poetry.</subfield>
         <subfield code="2">lcgft</subfield>
      </datafield>
      <datafield tag="655" ind1=" " ind2="7">
         <subfield code="a">Drama.</subfield>
         <subfield code="2">lcgft</subfield>
      </datafield>
      <datafield tag="700" ind1="1" ind2=" ">
         <subfield code="a">Goldberg, Sander M.,</subfield>
         <subfield code="e">editor,</subfield>
         <subfield code="e">translator.</subfield>
      </datafield>
      <datafield tag="700" ind1="1" ind2=" ">
         <subfield code="a">Manuwald, Gesine,</subfield>
         <subfield code="e">editor,</subfield>
         <subfield code="e">translator.</subfield>
      </datafield>
      <datafield tag="700" ind1="1" ind2="2">
         <subfield code="a">Ennius, Quintus.</subfield>
         <subfield code="t">Fragments.</subfield>
         <subfield code="l">English</subfield>
         <subfield code="s">(Goldberg and Manuwald)</subfield>
      </datafield>
      <datafield tag="700" ind1="1" ind2="2">
         <subfield code="a">Ennius, Quintus.</subfield>
         <subfield code="t">Fragments.</subfield>
         <subfield code="l">Latin</subfield>
         <subfield code="s">(Goldberg and Manuwald)</subfield>
      </datafield>
      <datafield tag="730" ind1="0" ind2="2">
         <subfield code="i">Container of (work):</subfield>
         <subfield code="a">Testimonia.</subfield>
      </datafield>
      <datafield tag="730" ind1="0" ind2="2">
         <subfield code="i">Container of (work):</subfield>
         <subfield code="a">Epic fragments.</subfield>
      </datafield>
      <datafield tag="730" ind1="0" ind2="2">
         <subfield code="i">Container of (work):</subfield>
         <subfield code="a">Dramatic fragments.</subfield>
      </datafield>
      <datafield tag="730" ind1="0" ind2="2">
         <subfield code="i">Container of (work):</subfield>
         <subfield code="a">Minor works.</subfield>
      </datafield>
      <datafield tag="730" ind1="0" ind2=" ">
         <subfield code="i">Contained in (expression):</subfield>
         <subfield code="a">Fragments.</subfield>
         <subfield code="l">English.</subfield>
      </datafield>
      <datafield tag="730" ind1="0" ind2=" ">
         <subfield code="i">Contained in (expression):</subfield>
         <subfield code="a">Fragments.</subfield>
         <subfield code="l">Latin.</subfield>
      </datafield>
      <datafield tag="830" ind1=" " ind2="0">
         <subfield code="a">Fragmentary republican Latin ;</subfield>
         <subfield code="v">1-2.</subfield>
      </datafield>
      <datafield tag="830" ind1=" " ind2="0">
         <subfield code="a">Loeb classical library ;</subfield>
         <subfield code="v">294, 537.</subfield>
      </datafield>
      <datafield tag="OWN" ind1=" " ind2=" ">
         <subfield code="a">GENERAL</subfield>
      </datafield>
      <datafield tag="AVA" ind1=" " ind2=" ">
         <subfield code="a">NYU50</subfield>
         <subfield code="b">BOBST</subfield>
         <subfield code="c">1st Floor Reference - Study</subfield>
         <subfield code="d">PA3611 .A1 v.378A-378B Non-circulating</subfield>
         <subfield code="e">available</subfield>
         <subfield code="t">Available</subfield>
         <subfield code="f">1</subfield>
         <subfield code="g">0</subfield>
         <subfield code="h">Y</subfield>
         <subfield code="i">0</subfield>
         <subfield code="j">REF1S</subfield>
         <subfield code="k">0</subfield>
      </datafield>
      <datafield tag="AVA" ind1=" " ind2=" ">
         <subfield code="a">NYU50</subfield>
         <subfield code="b">NISAW</subfield>
         <subfield code="c">Reference 3 Collection</subfield>
         <subfield code="d">Loeb Latin Comp. Frag. Non-circulating</subfield>
         <subfield code="e">available</subfield>
         <subfield code="t">Available</subfield>
         <subfield code="f">2</subfield>
         <subfield code="g">0</subfield>
         <subfield code="h">Y</subfield>
         <subfield code="i">0</subfield>
         <subfield code="j">REF3</subfield>
         <subfield code="k">8</subfield>
      </datafield>
      <marc:datafield tag="852" ind1=" " ind2=" ">
         <marc:subfield code="b">Institute for the Study of the Ancient World, </marc:subfield>
         <marc:subfield code="c">Reference 3 Collection</marc:subfield>
         <marc:subfield code="e">15 East 84th St., </marc:subfield>
         <marc:subfield code="e">New York, NY  10028</marc:subfield>
      </marc:datafield>
   </record>